@article{cao1987deflation,
  title={On a deflation method for the symmetric generalized eigenvalue problem},
  author={Cao, Zhi-hao},
  journal={Linear Algebra and its Applications},
  volume={92},
  pages={187--196},
  year={1987},
  publisher={Elsevier}
}

@article{fix1972algorithm,
  title={An algorithm for the ill-conditioned generalized eigenvalue problem},
  author={G. Fix and R. Heiberger},
  journal={SIAM Journal on Numerical Analysis},
  volume={9},
  number={1},
  pages={78--88},
  year={1972}
}

@article{jungen92,
  title={The {F}ix-{H}eiberger procedure for solving the 
generalized ill-conditioned symmetric eigenvalue problem},
  author={M. Jungun and R. Heiberger},
  journal={Inter. J. Quantum Chemistry},
  volume={41},
  number={3},
  pages={387--397},
  year={1992}
}


@BOOK{parlett80,
      AUTHOR = {Parlett, B.},
      TITLE = {The Symmetric Eigenvalue Problem},
      PUBLISHER = {Prentice Hall},
      YEAR = {1980},
      ADDRESS = {Englewood Cliffs, NJ},
      Note = {SIAM Classics Edition 1998}
}
